<?xml version="1.0" encoding="UTF-8"?><collection xmlns="http://www.loc.gov/MARC21/slim"><record><leader>00632nam--2200217-u-4500</leader><controlfield tag="001">000050784</controlfield><controlfield tag="002">20161230</controlfield><controlfield tag="005">20161230201048</controlfield><controlfield tag="008">080403s1000------------r-----000-0-eng-d</controlfield><datafield ind1=" " ind2=" " tag="020"><subfield code="a">3-540-62635-2</subfield></datafield><datafield ind1=" " ind2=" " tag="040"><subfield code="a">IFIN-HH</subfield></datafield><datafield ind1=" " ind2=" " tag="080"><subfield code="a">514.154</subfield></datafield><datafield ind1="1" ind2=" " tag="100"><subfield code="a">Arnold, V.I</subfield></datafield><datafield ind1="1" ind2="0" tag="245"><subfield code="a">Dynamical systems iv sympletic geometry and its applications</subfield><subfield code="c">V.i. arnold, s.p. novikov (eds.)</subfield></datafield><datafield ind1=" " ind2=" " tag="250"><subfield code="a">Second, Expanded And Revised Edition</subfield></datafield><datafield ind1=" " ind2=" " tag="260"><subfield code="a">Berlin</subfield><subfield code="b">Springer</subfield><subfield code="c">2001</subfield></datafield><datafield ind1=" " ind2=" " tag="300"><subfield code="a">332 p</subfield></datafield><datafield ind1="1" ind2=" " tag="490"><subfield code="a">Encyclopedia Of Mathematical Sciences Vol. 4</subfield></datafield><datafield ind1="1" ind2=" " tag="700"><subfield code="a">Novikov, S.P</subfield><subfield code="e">Ed</subfield></datafield><datafield ind1=" " ind2=" " tag="852"><subfield code="c">513</subfield></datafield><datafield ind1=" " ind2=" " tag="CAT"><subfield code="a">Sys</subfield><subfield code="c">20150609</subfield><subfield code="h">160205</subfield></datafield></record></collection>